@article{cadwalladr2018cambridge,
  title={The Cambridge analytica files},
  author={Cadwalladr, Carole and Graham-Harrison, E},
  journal={The Guardian},
  volume={21},
  pages={6--7},
  year={2018}
}

@inproceedings{fredrikson2010repriv,
  title={RePriv: Re-envisioning in-browser privacy},
  author={Fredrikson, Matthew and Livshits, Benjamin},
  booktitle={Proc. IEEE Symp. Security, Privacy (SP)(May 2011)},
  year={2010}
}