@article{cadwalladr2018cambridge,
  title   = {The Cambridge analytica files},
  author  = {Cadwalladr, Carole and Graham-Harrison, E},
  journal = {The Guardian},
  volume  = {21},
  pages   = {6--7},
  year    = {2018}
}

@article{blendledutchnewsplatform2014,
  title   = {Blendle: Dutch news platform offers money-back guarantee},
  author  = {Natalie Gil},
  journal = {The Guardian},
  year    = {2014}
}

@inproceedings{fredrikson2010repriv,
  title     = {RePriv: Re-envisioning in-browser privacy},
  author    = {Fredrikson, Matthew and Livshits, Benjamin},
  booktitle = {Proc. IEEE Symp. Security, Privacy (SP)(May 2011)},
  year      = {2010}
}

@inproceedings{ruth2018digging,
  title        = {Digging into browser-based crypto mining},
  author       = {Ruth, Jan and Zimmermann, Torsten and Wolsing, Konrad and Hohlfeld, Oliver},
  booktitle    = {Proceedings of the Internet Measurement Conference 2018},
  pages        = {70--76},
  year         = {2018},
  organization = {ACM}
}

@techreport{nakamoto2019bitcoin,
  title={Bitcoin: A peer-to-peer electronic cash system},
  author={Nakamoto, Satoshi},
  year={2019},
  institution={Manubot}
}

@misc{poon2016bitcoin,
  title={The bitcoin lightning network: Scalable off-chain instant payments},
  author={Poon, Joseph and Dryja, Thaddeus},
  year={2016}
}

@article{token2018blockchain,
  title={Blockchain Based Digital Advertising},
  author={Token, Basic Attention},
  journal={Whitepaper (13 March, 2018)< https://basicattentiontoken. org/BasicAttentionTokenWhitePaper-4. pdf> accessed},
  volume={22},
  year={2018}
}

@article{locklin2018token,
  title={Token Economics},
  author={Locklin, Scott},
  year={2018}
}

@inproceedings{mayer2012third,
  title={Third-party web tracking: Policy and technology},
  author={Mayer, Jonathan R and Mitchell, John C},
  booktitle={2012 IEEE Symposium on Security and Privacy},
  pages={413--427},
  year={2012},
  organization={IEEE}
}

@inproceedings{bilenko2011targeted,
  title={Targeted, not tracked: Client-side solutions for privacy-friendly behavioral advertising},
  author={Bilenko, Mikhail and Richardson, Matthew and Tsai, Janice},
  year={2011},
  organization={TPRC}
}

@inproceedings{agarwal2013not,
  title={Do not embarrass: re-examining user concerns for online tracking and advertising},
  author={Agarwal, Lalit and Shrivastava, Nisheeth and Jaiswal, Sharad and Panjwani, Saurabh},
  booktitle={Proceedings of the Ninth Symposium on Usable Privacy and Security},
  pages={1--13},
  year={2013}
}

@inproceedings{mccoy2008shining,
  title={Shining light in dark places: Understanding the Tor network},
  author={McCoy, Damon and Bauer, Kevin and Grunwald, Dirk and Kohno, Tadayoshi and Sicker, Douglas},
  booktitle={International symposium on privacy enhancing technologies symposium},
  pages={63--76},
  year={2008},
  organization={Springer}
}

@inproceedings{hohenberger2014anonize,
  title={ANONIZE: A large-scale anonymous survey system},
  author={Hohenberger, Susan and Myers, Steven and Pass, Rafael and others},
  booktitle={2014 IEEE Symposium on Security and Privacy},
  pages={375--389},
  year={2014},
  organization={IEEE}
}

@article{hohenberger2015overview,
  title={An overview of ANONIZE: A large-scale anonymous survey system},
  author={Hohenberger, Susan and Myers, Steven and Pass, Rafael and others},
  journal={IEEE Security \& Privacy},
  volume={13},
  number={2},
  pages={22--29},
  year={2015},
  publisher={IEEE}
}

@article{lambrecht2017fee,
  title={Fee or free: When should firms charge for online content?},
  author={Lambrecht, Anja and Misra, Kanishka},
  journal={Management Science},
  volume={63},
  number={4},
  pages={1150--1165},
  year={2017},
  publisher={INFORMS}
}

@article{oh2016free,
  title={Free versus for-a-fee: the impact of a paywall},
  author={Oh, Hyelim and Animesh, Animesh and Pinsonneault, Alain},
  journal={MIS quarterly},
  volume={40},
  number={1},
  pages={31--56},
  year={2016}
}

@techreport{aral2018digital,
  title={Digital paywall design: implications for subscription rates \& cross-channel demand},
  author={Aral, Sinan and Dhillon, Paramveer},
  year={2018},
  institution={SSRN working paper 2906530. https://ssrn. com/abstract= 2906530. Accessed 7 Nov}
}

@article{sjovaag2016introducing,
  title={Introducing the Paywall: A case study of content changes in three online newspapers},
  author={Sj{\o}vaag, Helle},
  journal={Journalism Practice},
  volume={10},
  number={3},
  pages={304--322},
  year={2016},
  publisher={Taylor \& Francis}
}

@article{myllylahti2017content,
  title={What content is worth locking behind a paywall? Digital news commodification in leading Australasian financial newspapers},
  author={Myllylahti, Merja},
  journal={Digital Journalism},
  volume={5},
  number={4},
  pages={460--471},
  year={2017},
  publisher={Taylor \& Francis}
}

@article{papadopoulos2019another,
  title={Another brick in the paywall: The popularity and privacy implications of paywalls},
  author={Papadopoulos, Panagiotis and Snyder, Peter and Livshits, Benjamin},
  journal={arXiv preprint arXiv:1903.01406},
  year={2019}
}

@article{gallaugher2001revenue,
  title={Revenue streams and digital content providers: an empirical investigation},
  author={Gallaugher, John M and Auger, Pat and BarNir, Anat},
  journal={Information \& Management},
  volume={38},
  number={7},
  pages={473--485},
  year={2001},
  publisher={Elsevier}
}

@article{troupson2015yes,
  title={Yes, It's Illegal to Cheat a Paywall: Access Rights and the DMCA's Anticircumvention Provision},
  author={Troupson, Theresa M},
  journal={NYUL Rev.},
  volume={90},
  pages={325},
  year={2015},
  publisher={HeinOnline}
}

@inproceedings{guha2011privad,
  title={Privad: Practical privacy in online advertising},
  author={Guha, Saikat and Cheng, Bin and Francis, Paul},
  booktitle={USENIX conference on Networked systems design and implementation},
  pages={169--182},
  year={2011}
}

@article{frik2019impact,
  title={The Impact of Ad-Blockers on Consumer Behavior: A Lab Experiment},
  author={Frik, Alisa and Haviland, Amelia and Acquisti, Alessandro},
  journal={Draft. Mai},
  year={2019}
}

@online{firstbanner,
  author = {Adrienne Lafrance},
  title = {The First-Ever Banner Ad on the Web},
  year = 2017,
  url = {https://www.theatlantic.com/technology/archive/2017/04/the-first-ever-banner-ad-on-the-web/523728/},
  urldate = {2020-05-03}
}

@article{estrada2017online,
  title={Online advertising: Analysis of privacy threats and protection approaches},
  author={Estrada-Jim{\'e}nez, Jos{\'e} and Parra-Arnau, Javier and Rodr{\'\i}guez-Hoyos, Ana and Forn{\'e}, Jordi},
  journal={Computer Communications},
  volume={100},
  pages={32--51},
  year={2017},
  publisher={Elsevier}
}

@online{firstpaywall,
  author = {Joshua Benton},
  title = {The Wall Street Journal joins The New York Times in the 2 million digital subscriber club},
  year = 2020,
  url = {https://www.niemanlab.org/2020/02/the-wall-street-journal-joins-the-new-york-times-in-the-2-million-digital-subscriber-club/},
  urldate = {2020-05-03}
}

@article{cook2012paying,
  title={Paying for what was free: Lessons from the New York Times paywall},
  author={Cook, Jonathan E and Attari, Shahzeen Z},
  journal={Cyberpsychology, behavior, and social networking},
  volume={15},
  number={12},
  pages={682--687},
  year={2012},
  publisher={Mary Ann Liebert, Inc. 140 Huguenot Street, 3rd Floor New Rochelle, NY 10801 USA}
}

@misc{loll2010flattr,
  title={Flattr this! Explorative Evaluation von Social (Micro-) Payments als alternatives Bezahlmodell},
  author={Loll, Frank and Mumme, Christopher and Pinkwart, Niels},
  journal={Ifi technical report series},
  year={2010}
}

@online{wikimediadonation,
  title={Wikimedia Fundraising report 2016-2017},
  year={2017}
}

@article{wood2014ethereum,
  title={Ethereum: A secure decentralised generalised transaction ledger},
  author={Wood, Gavin and others},
  journal={Ethereum project yellow paper},
  volume={151},
  number={2014},
  pages={1--32},
  year={2014}
}

@inproceedings{bamert2013have,
  title={Have a snack, pay with Bitcoins},
  author={Bamert, Tobias and Decker, Christian and Elsen, Lennart and Wattenhofer, Roger and Welten, Samuel},
  booktitle={IEEE P2P 2013 Proceedings},
  pages={1--5},
  year={2013},
  organization={IEEE}
}

@online{definitionmicropayment,
  title={Micropayments},
  author={Jake Frankenfield},
  url={https://www.investopedia.com/terms/m/micropayment.asp}
}

@online{bat-ledger,
  title={Principles of the Brave Ledger},
  url={https://github.com/brave-intl/bat-ledger/blob/master/documentation/Ledger-Principles.md}
}

@online{brave-vault,
  title={Principles of using the Brave Vault},
  url={https://github.com/brave/vault/blob/master/documentation/Vault-Principles.md}
}

@online{brave-ico,
  url={https://bravenewcoin.com/insights/basic-attention-token-price-analysis-publishers-increasing-across-all},
  title={Basic Attention Token price analysis}
}

@article{yang2017analysis,
  title={Analysis on online payment systems of e-commerce},
  author={Yang, Wenjing},
  year={2017},
  publisher={Oulun ammattikorkeakoulu}
}

@article{geidner2015effects,
  title={The effects of micropayments on online news story selection and engagement},
  author={Geidner, Nick and Dâ€™Arcy, Denae},
  journal={New Media \& Society},
  volume={17},
  number={4},
  pages={611--628},
  year={2015},
  publisher={Sage Publications Sage UK: London, England}
}

@online{googlesurveys,
  url={http://newsonomics.com/the-newsonomics-of-time-and-money-and-google-surveys/},
  title={The Newsonomics of Time and Money, and Google Surveys},
  year={2013},
  author={Doctor, Ken}
}

@online{shirky,
  title={Fame vs Fortune: Micropayments and Free Content},
  url={https://web.archive.org/web/20190316051036/http://www.shirky.com/writings/fame_vs_fortune.html},
  year={2003},
  author={Shirky, Clay}
}

@online{szabo,
  title={The Mental Accounting Barrier to Micropayments},
  url={https://web.archive.org/web/20160826003714/http://szabo.best.vwh.net/micropayments.html},
  author={Szabo, Nick},
  year={1996}
}

@article{dutton2013webrtc,
  title={WebRTC in the real world: STUN, TURN and signaling},
  author={Dutton, Sam},
  journal={Google, Nov},
  year={2013}
}

@online{zoomwebserver,
  title={Zoom defends use of local web server on Macs after security report},
  url={https://www.zdnet.com/article/zoom-defends-use-of-local-web-server-on-macs-after-security-report/},
  journal={ZDNet},
  author={Chris Duckett}
}

@inproceedings{biddle2009browser,
  title={Browser interfaces and extended validation SSL certificates: an empirical study},
  author={Biddle, Robert and Van Oorschot, Paul C and Patrick, Andrew S and Sobey, Jennifer and Whalen, Tara},
  booktitle={Proceedings of the 2009 ACM workshop on Cloud computing security},
  pages={19--30},
  year={2009}
}

@article{evans2009online,
  title={The online advertising industry: Economics, evolution, and privacy},
  author={Evans, David S},
  journal={Journal of economic perspectives},
  volume={23},
  number={3},
  pages={37--60},
  year={2009}
}

@online{cpmgoogle,
  title={Google Display Ads CPM, CPC  CTR benchmark},
  author={Anya Pratskevich},
  url={https://blog.adstage.io/google-display-ads-cpm-cpc-ctr-benchmarks-in-q1-2018}
}

@online{adsperday,
  title={How many ads do you see in one day?},
  author={Ron Marshall},
  url={https://www.redcrowmarketing.com/2015/09/10/many-ads-see-one-day/}
}

@inproceedings{papadopoulos2018cost,
  title={The cost of digital advertisement: Comparing user and advertiser views},
  author={Papadopoulos, Panagiotis and Kourtellis, Nicolas and Markatos, Evangelos P},
  booktitle={Proceedings of the 2018 World Wide Web Conference},
  pages={1479--1489},
  year={2018}
}

@online{googlefee,
  title={AdSense revenue share},
  url={https://support.google.com/adsense/answer/180195?hl=en}
}


@inproceedings{miroglio2018effect,
  title={The effect of ad blocking on user engagement with the web},
  author={Miroglio, Ben and Zeber, David and Kaye, Jofish and Weiss, Rebecca},
  booktitle={Proceedings of the 2018 World Wide Web Conference},
  pages={813--821},
  year={2018}
}

@article{dwyer2016gone,
  title={Gone in 200 Milliseconds: The Challenge of Blocking Malvertising},
  author={Dwyer, Catherine and Kanguri, Ameet},
  year={2016}
}
